@book{tanaka2019,
	author = {田中一之},
	title = {数学基礎論序説 : 数の体系への論理的アプローチ},
	publisher = {裳華房},
	year = {2019},
	isbn = {978-4785315757},
}

@book{arai2011,
	author = {新井敏康},
	title = {数学基礎論},
	publisher = {岩波書店},
	year = {2011},
	isbn = {978-4007304590},
}

@book{kunen2016,
	author = {Kunen, Kenneth},
	translator = {藤田博司},
	title = {キューネン数学基礎論講義},
	publisher = {日本評論社},
	year = {2016},
	isbn = {978-4535787483},
}

@book{kada2008,
	author = {嘉田勝},
	title = {論理と集合から始める数学の基礎},
	publisher = {日本評論社},
	year = {2008},
	isbn = {978-4535784727},
}

@book{adachi2019,
	author = {足立恒雄},
	title = {よみがえる非ユークリッド幾何},
	publisher = {日本評論社},
	year = {2019},
	isbn = {978-4535788794},
}

@book{kashima2009,
	author = {鹿島亮},
	title = {数理論理学},
	publisher = {朝倉書店},
	year = {2009},
	series = {現代基礎数学},
	isbn = {978-4254117653},
}

@book{bekki2012,
	author = {戸次大介},
	title = {数理論理学},
	publisher = {東京大学出版会},
	isbn = {978-4130629157},
	year = {2012},
}

@book{maehara2005,
	author = {前原昭二},
	title = {記号論理入門},
	publisher = {日本評論社},
	year = {2005},
	series = {日評数学選書},
	isbn = {978-4535601444},
}

@book{hirose2024,
	author = {廣瀬健},
	title = {復刊 帰納的関数},
	publisher = {日本評論社},
	year = {2024},
	isbn = {978-4320115729},
}

@book{hajek1998metamathematics,
	title = {Metamathematics of First-Order Arithmetic},
	author = {H{\'a}jek, Petr and Pudl{\'a}k, Pavel},
	year = {1998},
	publisher = {Springer},
	series = {Perspectives in Mathematical Logic},
	address = {Berlin, Heidelberg},
	edition = {2nd},
	isbn = {3-540-63648-X},
}